
@article{EpskampEtAl2018b, title={The Gaussian Graphical Model in Cross-Sectional and Time-Series Data}, volume={53}, ISSN={0027-3171, 1532-7906}, url={https://www.tandfonline.com/doi/full/10.1080/00273171.2018.1454823}, DOI={10.1080/00273171.2018.1454823}, number={4}, journal={Multivariate Behavioral Research}, author={Epskamp, Sacha and Waldorp, Lourens J. and Mõttus, René and Borsboom, Denny}, year={2018}, month={Jul}, pages={453–480} }

@article{AbegazWit2013,
	title = {Sparse time series chain graphical models for reconstructing genetic networks},
	author = {{Abegaz}, {F.} and {Wit}, {E.}},
	year = {2013},
	month = {07},
	date = {2013-07-01},
	journal = {Biostatistics},
	pages = {586--599},
	volume = {14},
	number = {3},
	doi = {10.1093/biostatistics/kxt005},
	url = {https://academic.oup.com/biostatistics/article-lookup/doi/10.1093/biostatistics/kxt005},
	langid = {en}
}

@book{zotero-7045, title={graphicalVAR: Graphical VAR for Experience Sampling Data}, url={https://CRAN.R-project.org/package=graphicalVAR}, publisher={Comprehensive} }

@article{BorsboomCramer2013, title={Network Analysis: An Integrative Approach to the Structure of Psychopathology}, volume={9}, ISSN={1548-5943, 1548-5951}, url={http://www.annualreviews.org/doi/10.1146/annurev-clinpsy-050212-185608}, DOI={10.1146/annurev-clinpsy-050212-185608}, number={1}, journal={Annual Review of Clinical Psychology}, author={Borsboom, Denny and Cramer, Angelique O.J.}, year={2013}, month={Mar}, pages={91–121} }

@article{CramerEtAl2010, title={Comorbidity: A network perspective}, volume={33}, ISSN={0140-525X, 1469-1825}, url={https://www.cambridge.org/core/product/identifier/S0140525X09991567/type/journal_article}, DOI={10.1017/S0140525X09991567}, number={2-3}, journal={Behavioral and Brain Sciences}, author={Cramer, Angelique O. J. and Waldorp, Lourens J. and van der Maas, Han L. J. and Borsboom, Denny}, year={2010}, month={Jun}, pages={137–150} }

@article{Molenaar2004, title={A Manifesto on Psychology as Idiographic Science: Bringing the Person Back Into Scientific Psychology, This Time Forever}, volume={2}, ISSN={1536-6367, 1536-6359}, url={http://www.tandfonline.com/doi/abs/10.1207/s15366359mea0204_1}, DOI={10.1207/s15366359mea0204_1}, note={tex.ids= Molenaar2004a}, number={4}, journal={Measurement: Interdisciplinary Research & Perspective}, author={Molenaar, Peter C. M.}, year={2004}, month={Oct}, pages={201–218} }

@article{FrumkinEtAl2020, title={Feasibility and utility of idiographic models in the clinic: A pilot study}, volume={0}, ISSN={1050-3307}, url={https://doi.org/10.1080/10503307.2020.1805133}, DOI={10.1080/10503307.2020.1805133}, note={_eprint: https://doi.org/10.1080/10503307.2020.1805133 tex.ids= FrumkinEtAl2020a PMID: 32838671 publisher: Routledge}, number={0}, journal={Psychotherapy Research}, publisher={Routledge}, author={Frumkin, Madelyn R. and Piccirillo, Marilyn L. and Beck, Emorie D. and Grossman, Jason T. and Rodebaugh, Thomas L.}, year={2020}, month={Aug}, pages={1–15} }

@article{HoweEtAl2020, title={Idiographic network analysis of discrete mood states prior to treatment}, volume={20}, ISSN={1746-1405}, url={https://onlinelibrary.wiley.com/doi/abs/10.1002/capr.12295}, DOI={https://doi.org/10.1002/capr.12295}, note={_eprint: https://onlinelibrary.wiley.com/doi/pdf/10.1002/capr.12295 tex.ids= HoweEtAl2020a}, number={3}, journal={Counselling and Psychotherapy Research}, author={Howe, Esther and Bosley, Hannah G. and Fisher, Aaron J.}, year={2020}, pages={470–478} }

@article{CavigliaColeman2016, title={Idiographic Network Visualizations}, volume={49}, ISSN={0024-094X}, url={https://doi.org/10.1162/LEON_a_01267}, DOI={10.1162/LEON_a_01267}, number={5}, journal={Leonardo}, author={Caviglia, Giorgio and Coleman, Nicole}, year={2016}, month={Oct}, pages={447–447} }

@article{HoffartJohnson2020, title={Within-person networks of clinical features of social anxiety disorder during cognitive and interpersonal therapy}, volume={76}, ISSN={0887-6185}, url={https://www.sciencedirect.com/science/article/pii/S0887618520301262}, DOI={10.1016/j.janxdis.2020.102312}, journal={Journal of Anxiety Disorders}, author={Hoffart, Asle and Johnson, Sverre Urnes}, year={2020}, month={Dec}, pages={102312} }

@article{WrightEtAl2015, title={Daily Interpersonal and Affective Dynamics in Personality Disorder}, volume={29}, ISSN={0885-579X}, url={http://guilfordjournals.com/doi/10.1521/pedi.2015.29.4.503}, DOI={10.1521/pedi.2015.29.4.503}, note={tex.ids= WrightEtAl2015a, WrightEtAl2015d}, number={4}, journal={Journal of Personality Disorders}, author={Wright, Aidan G. C. and Hopwood, Christopher J. and Simms, Leonard J.}, year={2015}, month={Aug}, pages={503–525} }

@article{WrightSimms, title={Stability and Fluctuation of Personality Disorder Features in Daily Life}, author={Wright, Aidan G C and Simms, Leonard J}, pages={16} }

@article{WrightEtAl2015a, title={Examining the Dynamic Structure of Daily Internalizing and Externalizing Behavior at Multiple Levels of Analysis}, volume={6}, ISSN={1664-1078}, url={http://journal.frontiersin.org/Article/10.3389/fpsyg.2015.01914/abstract}, DOI={10.3389/fpsyg.2015.01914}, note={tex.ids= WrightEtAl2015c}, journal={Frontiers in Psychology}, author={Wright, Aidan G. C. and Beltz, Adriene M. and Gates, Kathleen M. and Molenaar, Peter C. M. and Simms, Leonard J.}, year={2015}, month={Dec} }

@article{EpskampEtAl2018, title={Estimating psychological networks and their accuracy: A tutorial paper}, volume={50}, ISSN={1554-3528}, url={https://doi.org/10.3758/s13428-017-0862-1}, DOI={10.3758/s13428-017-0862-1}, note={tex.ids= EpskampEtAl2018b}, number={1}, journal={Behavior Research Methods}, author={Epskamp, Sacha and Borsboom, Denny and Fried, Eiko I.}, year={2018}, month={Feb}, pages={195–212} }

@article{MansuetoEtAl2020,
	title = {Investigating the Feasibility of Idiographic Network Models},
	author = {{Mansueto}, {Alessandra Chiara} and {Wiers}, {Reinout} and {van Weert}, {Julia} and {Schouten}, {Barbara C.} and {Epskamp}, {Sacha}},
	year = {2020},
	month = {12},
	date = {2020-12-02},
	url = {https://osf.io/hgcz6},
	note = {tex.ids= MansuetoEtAl2020a
DOI: 10.31234/osf.io/hgcz6
type: article},
	langid = {en}
}

@article{YaziciYolacan2007, title={A comparison of various tests of normality}, volume={77}, ISSN={0094-9655}, url={https://doi.org/10.1080/10629360600678310}, DOI={10.1080/10629360600678310}, note={_eprint: https://doi.org/10.1080/10629360600678310}, number={2}, journal={Journal of Statistical Computation and Simulation}, publisher={Taylor}, author={Yazici, Berna and Yolacan, Senay}, year={2007}, month={Feb}, pages={175–183} }

@article{ShapiroWilk1965,
	title = {An Analysis of Variance Test for Normality (Complete Samples)},
	author = {{Shapiro}, {S. S.} and {Wilk}, {M. B.}},
	year = {1965},
	date = {1965},
	journal = {Biometrika},
	pages = {591--611},
	volume = {52},
	number = {3/4},
	doi = {10.2307/2333709},
	url = {https://www.jstor.org/stable/2333709},
	note = {Publisher: [Oxford University Press, Biometrika Trust]}
}

@article{SegalEtAl2020, title={Changes in the dynamic network structure of PTSD symptoms pre-to-post combat}, volume={50}, ISSN={0033-2917, 1469-8978}, url={https://www.cambridge.org/core/product/identifier/S0033291719000539/type/journal_article}, DOI={10.1017/S0033291719000539}, number={5}, journal={Psychological Medicine}, author={Segal, Adva and Wald, Ilan and Lubin, Gad and Fruchter, Eyal and Ginat, Keren and Ben Yehuda, Ariel and Pine, Daniel S. and Bar-Haim, Yair}, year={2020}, month={Apr}, pages={746–753} }

@article{vonStockertEtAl2018, title={Evaluating the stability of DSM-5 PTSD symptom network structure in a national sample of U.S. military veterans}, volume={229}, ISSN={01650327}, url={https://linkinghub.elsevier.com/retrieve/pii/S0165032717320876}, DOI={10.1016/j.jad.2017.12.043}, journal={Journal of Affective Disorders}, author={von Stockert, Sophia H.H. and Fried, Eiko I. and Armour, Cherie and Pietrzak, Robert H.}, year={2018}, month={Mar}, pages={63–68} }

@article{GeEtAl2019, title={Changes in the network structure of posttraumatic stress disorder symptoms at different time points among youth survivors: A network analysis}, volume={259}, ISSN={01650327}, url={https://linkinghub.elsevier.com/retrieve/pii/S0165032719315228}, DOI={10.1016/j.jad.2019.08.065}, journal={Journal of Affective Disorders}, author={Ge, Fenfen and Yuan, Minlan and Li, Ying and Zhang, Jun and Zhang, Wei}, year={2019}, month={Dec}, pages={288–295} }

@article{ThononEtAl2020, title={Idiographic analyses of motivation and related processes in participants with schizophrenia following a therapeutic intervention for negative symptoms}, volume={20}, ISSN={1471-244X}, url={https://doi.org/10.1186/s12888-020-02824-5}, DOI={10.1186/s12888-020-02824-5}, note={tex.ids= ThononEtAl2020a}, number={1}, journal={BMC Psychiatry}, author={Thonon, Bénédicte and Van Aubel, Evelyne and Lafit, Ginette and Della Libera, Clara and Larøi, Frank}, year={2020}, month={Sep}, pages={464} }

@article{WichersEtAl2016, title={Critical Slowing Down as a Personalized Early Warning Signal for Depression}, volume={85}, ISSN={0033-3190, 1423-0348}, url={https://www.karger.com/Article/FullText/441458}, DOI={10.1159/000441458}, number={2}, journal={Psychotherapy and Psychosomatics}, author={Wichers, Marieke and Groot, Peter C. and Psychosystems, ESM Group, EWS Group}, year={2016}, pages={114–116} }

@article{BeckJackson2020a, title={Consistency and change in idiographic personality: A longitudinal ESM network study}, volume={118}, ISSN={1939-1315(Electronic),0022-3514(Print)}, DOI={10.1037/pspp0000249}, number={5}, journal={Journal of Personality and Social Psychology}, publisher={American}, author={Beck, Emorie D. and Jackson, Joshua J.}, year={2020}, pages={1080–1100} }

@article{BeckJackson2021, title={Idiographic personality coherence: A quasi experimental longitudinal ESM study}, ISSN={0890-2070}, url={https://doi.org/10.1177/08902070211017746}, DOI={10.1177/08902070211017746}, journal={European Journal of Personality}, publisher={SAGE}, author={Beck, Emorie D and Jackson, Joshua J}, year={2021}, month={Jun}, pages={08902070211017746} }

@article{SimmsEtAl2011, title={Computerized Adaptive Assessment of Personality Disorder: Introducing the CAT–PD Project}, volume={93}, ISSN={0022-3891}, url={https://doi.org/10.1080/00223891.2011.577475}, DOI={10.1080/00223891.2011.577475}, note={_eprint: https://doi.org/10.1080/00223891.2011.577475 PMID: 22804677}, number={4}, journal={Journal of Personality Assessment}, publisher={Routledge}, author={Simms, Leonard J. and Goldberg, Lewis R. and Roberts, John E. and Watson, David and Welte, John and Rotterman, Jane H.}, year={2011}, month={Jul}, pages={380–389} }

@article{Epskamp2020, title={Psychometric network models from time-series and panel data}, volume={85}, ISSN={0033-3123, 1860-0980}, url={http://link.springer.com/10.1007/s11336-020-09697-3}, DOI={10.1007/s11336-020-09697-3}, note={tex.ids= Epskamp2020a}, number={1}, journal={Psychometrika}, author={Epskamp, Sacha}, year={2020}, month={Mar}, pages={206–231} }

@article{McNeish2015,
	title = {Using Lasso for Predictor Selection and to Assuage Overfitting: A Method Long Overlooked in Behavioral Sciences},
	author = {{McNeish}, {Daniel M.}},
	year = {2015},
	month = {09},
	date = {2015-09-03},
	journal = {Multivariate Behavioral Research},
	pages = {471--484},
	volume = {50},
	number = {5},
	doi = {10.1080/00273171.2015.1036965},
	url = {http://www.tandfonline.com/doi/full/10.1080/00273171.2015.1036965},
	langid = {en}
}

@article{WestfallYarkoni2016, title={Statistically Controlling for Confounding Constructs Is Harder than You Think}, volume={11}, ISSN={1932-6203}, url={https://dx.plos.org/10.1371/journal.pone.0152719}, DOI={10.1371/journal.pone.0152719}, number={3}, journal={PLOS ONE}, author={Westfall, Jacob and Yarkoni, Tal}, editor={Tran, Ulrich S}, year={2016}, month={Mar}, pages={e0152719} }

@article{BurgerEtAl2020, title={Bridging the gap between complexity science and clinical practice by formalizing idiographic theories: a computational model of functional analysis}, volume={18}, ISSN={1741-7015}, url={https://bmcmedicine.biomedcentral.com/articles/10.1186/s12916-020-01558-1}, DOI={10.1186/s12916-020-01558-1}, note={tex.ids= BurgerEtAl2020b}, number={1}, journal={BMC Medicine}, author={Burger, Julian and van der Veen, Date C. and Robinaugh, Donald J. and Quax, Rick and Riese, Harriëtte and Schoevers, Robert A. and Epskamp, Sacha}, year={2020}, month={Dec}, pages={99} }

@article{CurtissEtAl, title={Longitudinal Network Stability of the Functional Impairment of Anxiety and Depression}, note={tex.ids= CurtissEtAl2018}, author={Curtiss, Joshua and Ito, Masaya and Takebayashi, Yoshitake and Hofmann, Stefan G}, pages={10} }

@book{Harvey1989,
	title = {Forecasting, Structural Time Series Models and the Kalman Filter},
	author = {{Harvey}, {Andrew C.}},
	year = {1989},
	date = {1989},
	publisher = {Cambridge University Press},
	note = {Google-Books-ID: Kc6tnRHBwLcC},
	langid = {en}
}

@article{KuranovaEtAl2020, title={Measuring resilience prospectively as the speed of affect recovery in daily life: a complex systems perspective on mental health}, volume={18}, ISSN={1741-7015}, url={https://doi.org/10.1186/s12916-020-1500-9}, DOI={10.1186/s12916-020-1500-9}, number={1}, journal={BMC Medicine}, author={Kuranova, Anna and Booij, Sanne H. and Menne-Lothmann, Claudia and Decoster, Jeroen and van Winkel, Ruud and Delespaul, Philippe and De Hert, Marc and Derom, Catherine and Thiery, Evert and Rutten, Bart P. F. and et al.}, year={2020}, month={Feb}, pages={36} }

@article{Tibshirani1996, title={Regression Shrinkage and Selection via the Lasso}, volume={58}, ISSN={0035-9246}, url={https://www.jstor.org/stable/2346178}, number={1}, journal={Journal of the Royal Statistical Society. Series B (Methodological)}, publisher={[Royal}, author={Tibshirani, Robert}, year={1996}, pages={267–288} }

@book{vanBorkuloEtAl2017, title={Comparing network structures on three aspects: A permutation test}, note={tex.ids= vanBorkuloEtAl2017a, vanBorkuloEtAl2017b DOI: 10.13140/RG.2.2.29455.38569}, author={van Borkulo, Claudia and van Bork, Riet and Boschloo, Lynn and Kossakowski, Jolanda and Tio, Pia and Schoevers, Robert and Borsboom, Denny and Waldorp, Lourens}, year={2017}, month={Mar} }

@book{ScholtenEtAl2020, title={Toward Data-Based Case Conceptualization: A Functional Analysis Approach With Ecological Momentary Assessment}, url={https://psyarxiv.com/prg7n/}, DOI={10.31234/osf.io/prg7n}, institution={PsyArXiv}, author={Scholten, Saskia and Lischetzke, Tanja and Glombiewski, Julia}, year={2020}, month={Aug} }

@article{EpskampEtAl2018a,
	title = {Personalized Network Modeling in Psychopathology: The Importance of Contemporaneous and Temporal Connections},
	author = {{Epskamp}, {Sacha} and {van Borkulo}, {Claudia D.} and {van der Veen}, {Date C.} and {Servaas}, {Michelle N.} and {Isvoranu}, {Adela-Maria} and {Riese}, {Harriëtte} and {Cramer}, {Angélique O. J.}},
	year = {2018},
	month = {05},
	date = {2018-05-01},
	journal = {Clinical Psychological Science},
	pages = {416--427},
	volume = {6},
	number = {3},
	doi = {10.1177/2167702617744325},
	url = {https://doi.org/10.1177/2167702617744325},
	note = {tex.ids= Epskamp},
	langid = {en}
}
